<?xml version="1.0" encoding="UTF-8"?><collection xmlns="http://www.loc.gov/MARC21/slim"><record><leader>00544nam--2200217-u-4500</leader><controlfield tag="001">000050422</controlfield><controlfield tag="002">20161230</controlfield><controlfield tag="003">81822</controlfield><controlfield tag="005">20161230201048</controlfield><controlfield tag="008">070315s1000------------r-----000-0-eng-d</controlfield><datafield ind1=" " ind2=" " tag="020"><subfield code="a">0-367-23045-4</subfield></datafield><datafield ind1=" " ind2=" " tag="040"><subfield code="a">IFIN-HH</subfield></datafield><datafield ind1=" " ind2=" " tag="041"><subfield code="a">eng</subfield></datafield><datafield ind1=" " ind2=" " tag="080"><subfield code="a">530.145:538.9</subfield></datafield><datafield ind1="1" ind2=" " tag="100"><subfield code="a">Everitt,H.O</subfield></datafield><datafield ind1="1" ind2="0" tag="245"><subfield code="a">Experimental Aspects of Quantum Computing</subfield><subfield code="c">Henry O. Everitt (Ed.)</subfield></datafield><datafield ind1=" " ind2=" " tag="260"><subfield code="a">Berlin</subfield><subfield code="b">Springer</subfield><subfield code="c">2005</subfield></datafield><datafield ind1=" " ind2=" " tag="300"><subfield code="a">308 p</subfield></datafield><datafield ind1=" " ind2="4" tag="650"><subfield code="a">Quantum Computing</subfield></datafield><datafield ind1=" " ind2=" " tag="852"><subfield code="a">81822</subfield><subfield code="c">530.14</subfield></datafield><datafield ind1=" " ind2=" " tag="CAT"><subfield code="a">Sys</subfield><subfield code="c">20110328</subfield><subfield code="h">121044</subfield></datafield></record></collection>